<?xml version="1.0" encoding="UTF-8"?><collection xmlns="http://www.loc.gov/MARC21/slim"><record><leader>00512nam--2200169-i-4500</leader><controlfield tag="001">000024123</controlfield><controlfield tag="002">20161230</controlfield><controlfield tag="005">20161230201035</controlfield><controlfield tag="008">060222s1000------------r-----000-0-eng-d</controlfield><datafield ind1=" " ind2=" " tag="040"><subfield code="a">IFIN-HH</subfield></datafield><datafield ind1=" " ind2=" " tag="080"><subfield code="a">539.142(043):539.12.172(043)</subfield></datafield><datafield ind1="1" ind2=" " tag="100"><subfield code="a">Hulthage, Ingemar</subfield></datafield><datafield ind1="1" ind2="0" tag="245"><subfield code="a">Studies in the structure and intermediate energy scattering of nucleons and nuclei</subfield><subfield code="c">Ingemar hulthage</subfield></datafield><datafield ind1=" " ind2=" " tag="260"><subfield code="a">Stockholm</subfield><subfield code="b">Institute Of Physics</subfield><subfield code="c">1981</subfield></datafield><datafield ind1=" " ind2=" " tag="300"><subfield code="a">40 P</subfield></datafield><datafield ind1=" " ind2=" " tag="852"><subfield code="a">70078</subfield><subfield code="c">539.14</subfield></datafield><datafield ind1=" " ind2=" " tag="CAT"><subfield code="a">Sys</subfield><subfield code="c">20120404</subfield><subfield code="h">123935</subfield></datafield></record></collection>